<record><leader>00000cas a2200000 a 4500</leader><controlfield tag="001">13196290</controlfield><controlfield tag="008">860225d1952195uwvudr ne      0    0eng c</controlfield><datafield ind1=" " ind2=" " tag="010"><subfield code="a">sn 86092262 </subfield></datafield><datafield ind1=" " ind2=" " tag="040"><subfield code="a">WVC</subfield><subfield code="b">eng</subfield><subfield code="c">WVC</subfield><subfield code="d">OCL</subfield><subfield code="d">NVF</subfield><subfield code="d">OCLCQ</subfield></datafield><datafield ind1=" " ind2=" " tag="042"><subfield code="a">pcc</subfield></datafield><datafield ind1="0" ind2=" " tag="130"><subfield code="a">Daily news-digest (Beckley, W. Va.)</subfield></datafield><datafield ind1="1" ind2="0" tag="245"><subfield code="a">Daily news-digest.</subfield></datafield><datafield ind1=" " ind2=" " tag="260"><subfield code="a">Beckley, W. Va. :</subfield><subfield code="b">New Newspaper Co.</subfield></datafield><datafield ind1=" " ind2=" " tag="300"><subfield code="a">v.</subfield></datafield><datafield ind1=" " ind2=" " tag="310"><subfield code="a">Daily (except Saturday and Sunday)</subfield></datafield><datafield ind1="1" ind2=" " tag="362"><subfield code="a">Began in 1952.</subfield></datafield><datafield ind1=" " ind2=" " tag="500"><subfield code="a">"An independent newspaper."</subfield></datafield><datafield ind1=" " ind2=" " tag="500"><subfield code="a">Editor: James Cockrell.</subfield></datafield><datafield ind1=" " ind2=" " tag="588"><subfield code="a">Description based on: Vol. 1, no. 198 (Jan. 19, 1953).</subfield></datafield><datafield ind1=" " ind2=" " tag="752"><subfield code="a">United States</subfield><subfield code="b">West Virginia</subfield><subfield code="c">Raleigh</subfield><subfield code="d">Beckley.</subfield></datafield><datafield ind1="0" ind2=" " tag="775"><subfield code="t">Daily news digest (Huntington, W. Va.)</subfield><subfield code="w">(DLC)sn 85059750</subfield></datafield><datafield ind1="0" ind2=" " tag="775"><subfield code="t">Daily news digest (Charleston, W. Va.)</subfield><subfield code="w">(DLC)sn 85059831</subfield></datafield></record>